@ARTICLE{foo
,  AUTHOR={Some Obscure Fool}
,  TITLE={Some Dusty Subject}
,  BOOKTITLE={Some North-eastern Prince}
,  JOURNAL={Lighting the Way for Fools}
,  PAGES={1--2}
,  YEAR=1616
}

@CONFERENCE{bar
,  AUTHOR={An Earlier Wit and Some Obscure Fool}
,  TITLE={the Chandler's Tale}
,  BOOKTITLE={Short Stories}
,  LOCATION={Canterbury, UK}
,  YEAR={1384-ish}
}

@BOOK{text
,  AUTHOR={Wayne C.~Booth and Gregory G.~Colomb and Joseph F.~Williams}
,  TITLE={the Craft of Research, 3ed.}
,  YEAR={2008}
,  PUBLISHER={University of Chicago Press}
,  LOCATION={Chicago, {IL}, {USA}}
,  ISBN={978-0226065663}
}

@UNPUBLISHED{idiom
,  TITLE={\emph{Horse} at Dictionary.com}
,  NOTE={\href{http://dictionary.reference.com/browse/horse+of+a+different+color?r=66}
              {\url{http://dictionary.reference.com/browse/horse+of+a+different+color?r=}}}
,  YEAR={last accessed: November 10, 2012}
}

@MANUSCRIPT{lshort
,  AUTHOR={Tobias Oetiker and Hubert Partl and Irene Hyna and Elisabeth Schlegl}
,  TITLE={The Not-so-short Introduction to {\LaTeX}}
,  MONTH={April}
,  YEAR={2011}
,  NOTE={\href{http://tobi.oetiker.ch/lshort/lshort.pdf}
              {\url{http://tobi.oetiker.ch/lshort/lshort.pdf}}}
}

